@preamble{ " \newcommand{\noop}[1]{} " } % a do-nothing command that serves a purpose

@article{antero2015learning,
  title={Learning from leaders: life-span trends in Olympians and supercentenarians},
  author={Antero-Jacquemin, Juliana da Silva and Berthelot, Geoffroy and Marck, Adrien and Noirez, Philippe and Latouche, Aur{\'e}lien and Toussaint, Jean-Fran{\c{c}}ois},
  journal={Journals of Gerontology Series A: Biomedical Sciences and Medical Sciences},
  volume={70},
  number={8},
  pages={944--949},
  year={2015},
  publisher={Oxford University Press}
}

@article{antonio2017producing,
  title={Producing the Dutch and Belgian mortality projections: a stochastic multi-population standard},
  author={Antonio, Katrien and Devriendt, Sander and de Boer, Wouter and de Vries, Robert and De Waegenaere, Anja and Kan, Hok-Kwan and Kromme, Egbert and Ouburg, Wilbert and Schulteis, Tim and Slagter, Erica and others},
  journal={European actuarial journal},
  volume={7},
  number={2},
  pages={297--336},
  year={2017},
  publisher={Springer}
} 

@article{baladandayuthapani2005spatially,
  title={Spatially adaptive Bayesian penalized regression splines (P-splines)},
  author={Baladandayuthapani, Veerabhadran and Mallick, Bani K and Carroll, Raymond J},
  journal={Journal of Computational and Graphical Statistics},
  volume={14},
  number={2},
  pages={378--394},
  year={2005},
  publisher={Taylor \& Francis}
}

@misc{barford2006life,
  title={Life expectancy: women now on top everywhere},
  author={Barford, Anna and Dorling, Danny and Smith, George Davey and Shaw, Mary},
  year={2006},
  publisher={British Medical Journal Publishing Group}
}

@article{bartlett1951inverse,
  title={An inverse matrix adjustment arising in discriminant analysis},
  author={Bartlett, Maurice S},
  journal={The Annals of Mathematical Statistics},
  volume={22},
  number={1},
  pages={107--111},
  year={1951},
  publisher={JSTOR}
}

@inproceedings{beard1959note,
  title={Note on some mathematical mortality models},
  author={Beard, Robert E},
  booktitle={Ciba Foundation Symposium-The Lifespan of Animals (Colloquia on Ageing)},
  volume={5},
  pages={302--311},
  year={1959},
  organization={Wiley Online Library}
}

@inproceedings{biatat2010joint,
  title={Joint models for classification and comparison of mortality in different countries},
  author={Biatat, Viani D and Currie, Iain D},
  booktitle={Proceedings of 25rd International Workshop on Statistical Modelling, Glasgow},
  pages={89--94},
  year={2010}
}

@article{booth2002applying,
  title={Applying Lee-Carter under conditions of variable mortality decline},
  author={Booth, Heather and Maindonald, John and Smith, Len},
  journal={Population studies},
  volume={56},
  number={3},
  pages={325--336},
  year={2002},
  publisher={Taylor \& Francis}
}

@article{booth2006lee,
  title={Lee-Carter mortality forecasting: a multi-country comparison of variants and extensions},
  author={Booth, Heather and Hyndman, Rob J and Tickle, Leonie and De Jong, Piet},
  journal={Demographic Research},
  volume={15},
  pages={289--310},
  year={2006},
  publisher={JSTOR}
}

@article{booth2008mortality,
  title={Mortality modelling and forecasting: A review of methods},
  author={Booth, Heather and Tickle, Leonie},
  journal={Annals of actuarial science},
  volume={3},
  number={1-2},
  pages={3--43},
  year={2008},
  publisher={Cambridge Univ Press}
}

@article{brouhns2002poisson,
  title={A Poisson log-bilinear regression approach to the construction of projected lifetables},
  author={Brouhns, Natacha and Denuit, Michel and Vermunt, Jeroen K},
  journal={Insurance: Mathematics and economics},
  volume={31},
  number={3},
  pages={373--393},
  year={2002},
  publisher={Elsevier}
}

@article{cairns2006two,
  title={A two-factor model for stochastic mortality with parameter uncertainty: theory and calibration},
  author={Cairns, Andrew JG and Blake, David and Dowd, Kevin},
  journal={Journal of Risk and Insurance},
  volume={73},
  number={4},
  pages={687--718},
  year={2006},
  publisher={Wiley Online Library}
}

@article{cairns2008modelling,
  title={Modelling and management of mortality risk: a review},
  author={Cairns, Andrew JG and Blake, David and Dowd, Kevin},
  journal={Scandinavian Actuarial Journal},
  volume={2008},
  number={2-3},
  pages={79--113},
  year={2008},
  publisher={Taylor \& Francis}
}

@article{cairns2009quantitative,
  title={A quantitative comparison of stochastic mortality models using data from England and Wales and the United States},
  author={Cairns, Andrew JG and Blake, David and Dowd, Kevin and Coughlan, Guy D and Epstein, David and Ong, Alen and Balevich, Igor},
  journal={North American Actuarial Journal},
  volume={13},
  number={1},
  pages={1--35},
  year={2009},
  publisher={Taylor \& Francis}
}

@article{cairns2011bayesian,
  title={Bayesian stochastic mortality modelling for two populations},
  author={Cairns, Andrew JG and Blake, David and Dowd, Kevin and Coughlan, Guy D and Khalaf-Allah, Marwa},
  journal={ASTIN Bulletin: The Journal of the IAA},
  volume={41},
  number={1},
  pages={29--59},
  year={2011},
  publisher={Cambridge University Press}
}

@article{cairns2011mortality,
  title={Mortality density forecasts: An analysis of six stochastic mortality models},
  author={Cairns, Andrew JG and Blake, David and Dowd, Kevin and Coughlan, Guy D and Epstein, David and Khalaf-Allah, Marwa},
  journal={Insurance: Mathematics and Economics},
  volume={48},
  number={3},
  pages={355--367},
  year={2011},
  publisher={Elsevier}
}

@article{cairns2013modeling,
  title={Modeling and Management of Longevity Risk},
  author={Cairns, Andrew JG},
  year={2013},
  publisher={Pension Research Council Working Paper, PRC WP2013-19}
}

@techreport{cairns2014phantoms,
  title={Phantoms never die: Living with unreliable mortality data},
  author={Cairns, ANDREW and Blake, DAVID and Dowd, KEVIN and Kessler, A},
  year={2014},
  institution={Citeseer}
}


@article{camarda2016sums,
  title={Sums of smooth exponentials to decompose complex series of counts},
  author={Camarda, Carlo G and Eilers, Paul HC and Gampe, Jutta},
  journal={Statistical Modelling},
  volume={16},
  number={4},
  pages={279--296},
  year={2016},
  publisher={SAGE Publications Sage India: New Delhi, India}
}

@article{camarda2019smooth,
  title={Smooth constrained mortality forecasting},
  author={Camarda, Carlo G},
  journal={Demographic Research},
  volume={41},
  pages={1091--1130},
  year={2019},
  publisher={JSTOR}
}

@article{carriere1992parametric,
  title={Parametric models for life tables},
  author={Carriere, Jacques F},
  journal={Transactions of the Society of Actuaries},
  volume={44},
  pages={77--99},
  year={1992}
}

@article{coale1990defects,
  title={Defects in data on old-age mortality in the United States: new procedures for calculating mortality schedules and life tables at the highest ages.},
  author={Coale, Ansley J and Kisker, Ellen E},
  year={1990},
  publisher={Honolulu Hawaii Coale Ansley J. 1990 Spring.}
}

@article{coale1966regional,
  title={Regional Model Life Tables and Stable Populations{\guillemotright} Princeton University Press},
  author={Coale, A and Demeny, Paul},
  journal={Pr{\'\i}nceton, New Jersey},
  year={1966}
}

@article{coelho2011forecasting,
  title={Forecasting mortality in the event of a structural change},
  author={Coelho, Edviges and Nunes, Luis C},
  journal={Journal of the Royal Statistical Society: Series A (Statistics in Society)},
  volume={174},
  number={3},
  pages={713--736},
  year={2011},
  publisher={Wiley Online Library}
}

@techreport{continuous2005projecting,
  title={Projecting future mortality: towards a proposal for a stochastic methodology},
  author={{Continuous Mortality Investigation Bureau (CMI)}},
  journal={Working paper 15},
  year={2005}
}

@techreport{continuous2006stochastic,
  title={Stochastic Projection Methodologies: Further Progress and P-Spline Model Features, Example Results and Implications},
  author={{Continuous Mortality Investigation Bureau (CMI)}},
  journal={Working paper 20},
  year={2006}
}

@techreport{continuous2007stochastic,
  title={Stochastic projection methodologies: Lee-Carter model features, example results and implications},
  author={{Continuous Mortality Investigation Bureau (CMI)}},
  journal={Working paper 25},
  year={2007}
}

@misc{couzin2011pitched,
  title={A pitched battle over life span},
  author={Couzin-Frankel, Jennifer},
  year={2011},
  publisher={American Association for the Advancement of Science}
}

@article{crainiceanu2007spatially,
  title={Spatially adaptive Bayesian penalized splines with heteroscedastic errors},
  author={Crainiceanu, Ciprian M and Ruppert, David and Carroll, Raymond J and Joshi, Adarsh and Goodner, Billy},
  journal={Journal of Computational and Graphical Statistics},
  volume={16},
  number={2},
  pages={265--288},
  year={2007},
  publisher={Taylor \& Francis}
}

@article{craven1978smoothing,
  title={Smoothing noisy data with spline functions},
  author={Craven, Peter and Wahba, Grace},
  journal={Numerische Mathematik},
  volume={31},
  number={4},
  pages={377--403},
  year={1978},
  publisher={Springer}
}

@article{currie2002flexible,
  title={Flexible smoothing with P-splines: a unified approach},
  author={Currie, Iain D and Durban, Maria},
  journal={Statistical Modelling},
  volume={2},
  number={4},
  pages={333--349},
  year={2002},
  publisher={Sage Publications}
}

@article{currie2004smoothing,
  title={Smoothing and forecasting mortality rates},
  author={Currie, Iain D and Durban, Maria and Eilers, Paul HC},
  journal={Statistical modelling},
  volume={4},
  number={4},
  pages={279--298},
  year={2004},
  publisher={Sage Publications Sage CA: Thousand Oaks, CA}
}

@article{currie2011modelling,
  title={Modelling and forecasting the mortality of the very old},
  author={Currie, Iain D},
  journal={ASTIN Bulletin: The Journal of the IAA},
  volume={41},
  number={2},
  pages={419--427},
  year={2011},
  publisher={Cambridge University Press}
}

@article{d2011mortality,
  title={The mortality of the italian population: Smoothing techniques on the lee—carter model},
  author={D'Amato, Valeria and Piscopo, Gabriella and Russolillo, Maria},
  journal={The Annals of Applied Statistics},
  pages={705--724},
  year={2011},
  publisher={JSTOR}
}

@book{de1978practical,
  title={A practical guide to splines},
  author={De Boor, Carl and De Boor, Carl and Math{\'e}maticien, Etats-Unis and De Boor, Carl and De Boor, Carl},
  volume={27},
  year={1978},
  publisher={Springer-Verlag New York}
}

@article{de2016coherent,
  title={Coherent modeling of male and female mortality using Lee--Carter in a complex number framework},
  author={De Jong, Piet and Tickle, Leonie and Xu, Jianhui},
  journal={Insurance: Mathematics and Economics},
  volume={71},
  pages={130--137},
  year={2016},
  publisher={Elsevier}
}

@article{delwarde2006application,
  title={Application of the Poisson log-bilinear projection model to the G5 mortality experience},
  author={Delwarde, Antoine and Denuit, Michel and Guill{\'e}n, Montserrat and Vidiella-i-Anguera, Antoni},
  journal={Belgian Actuarial Bulletin},
  volume={6},
  number={1},
  pages={54--68},
  year={2006}
}

@article{delwarde2007smoothing,
  title={Smoothing the Lee--Carter and Poisson log-bilinear models for mortality forecasting: a penalized log-likelihood approach},
  author={Delwarde, Antoine and Denuit, Michel and Eilers, Paul},
  journal={Statistical modelling},
  volume={7},
  number={1},
  pages={29--48},
  year={2007},
  publisher={Sage Publications India Pvt. Ltd, B-42, Panchsheel Enclave, New Delhi}
}

@article{dicker2018global,
  title={Global, regional, and national age-sex-specific mortality and life expectancy, 1950--2017: a systematic analysis for the Global Burden of Disease Study 2017},
  author={Dicker, Daniel and Nguyen, Grant and Abate, Degu and Abate, Kalkidan Hassen and Abay, Solomon M and Abbafati, Cristiana and Abbasi, Nooshin and Abbastabar, Hedayat and Abd-Allah, Foad and Abdela, Jemal and others},
  journal={The lancet},
  volume={392},
  number={10159},
  pages={1684--1735},
  year={2018},
  publisher={Elsevier}
}

@article{dowd2011gravity,
  title={A gravity model of mortality rates for two related populations},
  author={Dowd, Kevin and Cairns, Andrew JG and Blake, David and Coughlan, Guy D and Khalaf-Allah, Marwa},
  journal={North American Actuarial Journal},
  volume={15},
  number={2},
  pages={334--356},
  year={2011},
  publisher={Taylor \& Francis}
}

@article{dodd2018smoothing,
  title={Smoothing mortality data: the English Life Tables, 2010--2012},
  author={Dodd, Erengul and Forster, Jonathan J and Bijak, Jakub and Smith, Peter WF},
  journal={Journal of the Royal Statistical Society: Series A (Statistics in Society)},
  volume={181},
  number={3},
  pages={717--735},
  year={2018},
  publisher={Wiley Online Library}
}

@article{dodd2020stochastic,
  title={Stochastic modelling and projection of mortality improvements using a hybrid parametric/semiparametric age-period-cohort model},
  author={Dodd, Erengul and Forster, Jonathan and Bijak, Jakub and Smith, Peter WF},
  year={2020},
	journal={Scandinavian Actuarial Journal},
  publisher={Taylor \& Francis},
	doi={10.1080/03461238.2020.1815238},
	note={doi: 10.1080/03461238.2020.1815238}
}

@article{efron1986biased,
  title={How biased is the apparent error rate of a prediction rule?},
  author={Efron, Bradley},
  journal={Journal of the American statistical Association},
  volume={81},
  number={394},
  pages={461--470},
  year={1986},
  publisher={Taylor \& Francis}
}

@article{eilers1996flexible,
  title={Flexible smoothing with B-splines and penalties},
  author={Eilers, Paul HC and Marx, Brian D},
  journal={Statistical science},
  pages={89--102},
  year={1996},
  publisher={JSTOR}
}

@article{fienberg2013cohort,
  title={Cohort analysis’ unholy quest: A discussion},
  author={Fienberg, Stephen E},
  journal={Demography},
  volume={50},
  number={6},
  pages={1981--1984},
  year={2013},
  publisher={Springer}
}

@article{gakidou2006death,
  title={Death by survey: estimating adult mortality without selection bias from sibling survival data},
  author={Gakidou, Emmanuela and King, Gary},
  journal={Demography},
  volume={43},
  number={3},
  pages={569--585},
  year={2006},
  publisher={Springer}
}

@article{gallop2002mortality,
  title={Mortality at advanced ages in the United Kingdom},
  author={Gallop, Adrian},
  journal={Living to 100 and Beyond: Survival at Advanced Ages},
  year={2002},
	publisher={London: Society of Actuaries}
}

@article{gamerman1997sampling,
  title={Sampling from the posterior distribution in generalized linear mixed models},
  author={Gamerman, Dani},
  journal={Statistics and Computing},
  volume={7},
  number={1},
  pages={57--68},
  year={1997},
  publisher={Springer}
}

@article{gelman2014understanding,
  title={Understanding predictive information criteria for Bayesian models},
  author={Gelman, Andrew and Hwang, Jessica and Vehtari, Aki},
  journal={Statistics and computing},
  volume={24},
  number={6},
  pages={997--1016},
  year={2014},
  publisher={Springer}
}

@article{golub1979generalized,
  title={Generalized cross-validation as a method for choosing a good ridge parameter},
  author={Golub, Gene H and Heath, Michael and Wahba, Grace},
  journal={Technometrics},
  volume={21},
  number={2},
  pages={215--223},
  year={1979},
  publisher={Taylor \& Francis}
}

@article{gompertz1825on,
  title={On the nature of the function expressive of the law of human mortality, and on a new mode of determining the value of life contingencies. In a letter to Francis Baily, Esq. FRS \&c},
  author={Gompertz, Benjamin},
  journal={Philosophical transactions of the Royal Society of London},
  number={115},
  pages={513--583},
  year={1825},
  publisher={The Royal Society London}
}

@article{gompertz1871one,
  title={On one uniform law of mortality from birth to extreme old age, and on the law of sickness},
  author={Gompertz, Benjamin},
  journal={Journal of the Institute of Actuaries},
  volume={16},
  number={5},
  pages={329--344},
  year={1871},
  publisher={Cambridge University Press}
}

@book{green1993nonparametric,
  title={Nonparametric regression and generalized linear models: a roughness penalty approach},
  author={Green, Peter J and Silverman, Bernard W},
  year={1993},
  publisher={CRC Press}
}

@article{gu1992cross,
  title={Cross-validating non-Gaussian data},
  author={Gu, Chong},
  journal={Journal of Computational and Graphical Statistics},
  volume={1},
  number={2},
  pages={169--179},
  year={1992},
  publisher={Taylor \& Francis Group}
}

@article{gu2006cross,
  title={Cross-Validation in Function Estimation},
  author={Gu, Chong},
  year={2006},
  publisher={Citeseer}
}

@article{heligman1980age,
  title={The age pattern of mortality},
  author={Heligman, Larry and Pollard, John H},
  journal={Journal of the Institute of Actuaries},
  volume={107},
  number={01},
  pages={49--80},
  year={1980},
  publisher={Cambridge Univ Press}
}

@article{hill1977further,
  title={Further developments in indirect mortality estimation},
  author={Hill, Kenneth and Trussell, James},
  journal={Population Studies},
  volume={31},
  number={2},
  pages={313--334},
  year={1977},
  publisher={Taylor \& Francis}
}

@article{hill2005unconventional,
  title={Unconventional approaches to mortality estimation},
  author={Hill, Kenneth and Choi, Yoonjoung and Tim{\ae}us, Ian M},
  journal={Demographic Research},
  volume={13},
  pages={281--300},
  year={2005},
  publisher={JSTOR}
}


@article{hilton2019projecting,
  title={Projecting UK mortality by using Bayesian generalized additive models},
  author={Hilton, Jason and Dodd, Erengul and Forster, Jonathan J and Smith, Peter WF},
  journal={Journal of the Royal Statistical Society: Series C (Applied Statistics)},
  volume={68},
  number={1},
  pages={29--49},
  year={2019},
  publisher={Wiley Online Library}
}

@article{hmdew,
  title={About mortality data for England and Wales. Human mortality database: Background and documentation},
  author={Philipov, Dimiter and Jdanov, Dmitri and Jasilionis, Domantas},
  journal={University of California, Berkeley and Max Planck Institute for Demographic Research. http://www. mortality.org.},
  year={2020}
}

@misc{hmddata,
author={{Human Mortality Database}},
title={{University of California, Berkeley (USA), and Max Planck Institute for Demographic Research (Germany)}},
note={Available at \url{www.mortality.org} or \url{www.humanmortality.de} (data downloaded on 22nd July, 2019)},
year={HMD}
}

@article{hunt2014general,
  title={A general procedure for constructing mortality models},
  author={Hunt, Andrew and Blake, David},
  journal={North American Actuarial Journal},
  volume={18},
  number={1},
  pages={116--138},
  year={2014},
  publisher={Taylor \& Francis}
}


@article{hyndman2011optimal,
  title={Optimal combination forecasts for hierarchical time series},
  author={Hyndman, Rob J and Ahmed, Roman A and Athanasopoulos, George and Shang, Han Lin},
  journal={Computational statistics \& data analysis},
  volume={55},
  number={9},
  pages={2579--2589},
  year={2011},
  publisher={Elsevier}
}

@article{hyndman2013coherent,
  title={Coherent mortality forecasting: the product-ratio method with functional time series models},
  author={Hyndman, Rob J and Booth, Heather and Yasmeen, Farah},
  journal={Demography},
  volume={50},
  number={1},
  pages={261--283},
  year={2013},
  publisher={Springer}
}

@article{jang2011enhancement,
  title={Enhancement of spatially adaptive smoothing splines via parameterization of smoothing parameters},
  author={Jang, Dongik and Oh, Hee-Seok},
  journal={Computational statistics \& data analysis},
  volume={55},
  number={2},
  pages={1029--1040},
  year={2011},
  publisher={Elsevier}
}

@article{jarner2011modelling,
  title={Modelling adult mortality in small populations: The SAINT model},
  author={Jarner, S{\o}ren Fiig and Kryger, Esben Masotti},
  journal={ASTIN Bulletin: The Journal of the IAA},
  volume={41},
  number={2},
  pages={377--418},
  year={2011},
  publisher={Cambridge University Press}
}

@article{johansson1991welfare,
  title={Welfare, mortality and gender. Continuity and change in explanations for male/female mortality differences over three centuries},
  author={Johansson, S Ryan},
  journal={Continuity and change},
  volume={6},
  number={2},
  pages={135--177},
  year={1991},
  publisher={Cambridge Univ Press}
}

@article{jullion2007robust,
  title={Robust specification of the roughness penalty prior distribution in spatially adaptive Bayesian P-splines models},
  author={Jullion, Astrid and Lambert, Philippe},
  journal={Computational statistics \& data analysis},
  volume={51},
  number={5},
  pages={2542--2558},
  year={2007},
  publisher={Elsevier}
}

@article{kaishev2006geometrically,
  title={Geometrically designed, variable know regression splines: asymptotics and inference},
  author={Kaishev, Vladimir K and Dimitrova, Dimitrina S and Haberman, Steven and Verrall, RJ},
  year={2006},
  publisher={Faculty of Actuarial Science \& Insurance, City University London}
}

 @Article{kristensen2016tmb,
    title = {{TMB}: Automatic Differentiation and {L}aplace
      Approximation},
    author = {Kasper Kristensen and Anders Nielsen and Casper W. Berg
      and Hans Skaug and Bradley M. Bell},
    journal = {Journal of Statistical Software},
    year = {2016},
    volume = {70},
    number = {5},
    pages = {1--21},
    doi = {10.18637/jss.v070.i05},
  }
	
@article{kim2004smoothing,
  title={Smoothing spline Gaussian regression: more scalable computation via efficient approximation},
  author={Kim, Young-Ju and Gu, Chong},
  journal={Journal of the Royal Statistical Society: Series B (Statistical Methodology)},
  volume={66},
  number={2},
  pages={337--356},
  year={2004},
  publisher={Wiley Online Library}
}

@article{kleinow2015common,
  title={A common age effect model for the mortality of multiple populations},
  author={Kleinow, Torsten},
  journal={Insurance: Mathematics and Economics},
  volume={63},
  pages={147--152},
  year={2015},
  publisher={Elsevier}
}


@article{kostaki2011modeling,
  title={Modeling the Relationship Between Male and Female Mortality Patterns in Modern Populations},
  author={Kostaki, Anastasia and Peristera, Paraskevi and Lanke, Jan},
  journal={Journal of Population Ageing},
  volume={4},
  number={1-2},
  pages={33--63},
  year={2011},
  publisher={Springer}
}


@article{krivobokova2008fast,
  title={Fast adaptive penalized splines},
  author={Krivobokova, Tatyana and Crainiceanu, Ciprian M and Kauermann, G{\"o}ran},
  journal={Journal of Computational and Graphical Statistics},
  volume={17},
  number={1},
  pages={1--20},
  year={2008},
  publisher={Taylor \& Francis}
}

@article{lang2004bayesian,
  title={Bayesian P-splines},
  author={Lang, Stefan and Brezger, Andreas},
  journal={Journal of computational and graphical statistics},
  volume={13},
  number={1},
  pages={183--212},
  year={2004},
  publisher={Taylor \& Francis}
}

@article{lee1992modeling,
  title={Modeling and forecasting US mortality},
  author={Lee, Ronald D and Carter, Lawrence R},
  journal={Journal of the American statistical association},
  volume={87},
  number={419},
  pages={659--671},
  year={1992},
  publisher={Taylor \& Francis Group}
}

@article{lee2001evaluating,
  title={Evaluating the performance of the Lee-Carter method for forecasting mortality},
  author={Lee, Ronald and Miller, Timothy},
  journal={Demography},
  volume={38},
  number={4},
  pages={537--549},
  year={2001},
  publisher={Springer}
}

@article{li2005coherent,
  title={Coherent mortality forecasts for a group of populations: An extension of the Lee-Carter method},
  author={Li, Nan and Lee, Ronald},
  journal={Demography},
  volume={42},
  number={3},
  pages={575--594},
  year={2005},
  publisher={Springer}
}

@inproceedings{li2014impact,
  title={The impact of joint mortality modelling on hedging effectiveness of mortality derivatives},
  author={Li, Jackie and Dacorogna, Michael and Tan, Chong It and others},
  booktitle={Tenth International Longevity Risk and Capital Markets Solutions Conference, Santiago, Chile},
  year={2014}
}

@article{lindbergson2001mortality,
  title={Mortality among the elderly in Sweden 1988--1997},
  author={Lindbergson, Maria},
  journal={Scandinavian Actuarial Journal},
  volume={2001},
  number={1},
  pages={79--94},
  year={2001},
  publisher={Taylor \& Francis}
}

@article{liu2010data,
  title={Data driven adaptive spline smoothing},
  author={Liu, Ziyue and Guo, Wensheng},
  journal={Statistica Sinica},
  pages={1143--1163},
  year={2010},
  publisher={JSTOR}
}

@article{lopez1983sex,
  title={The sex mortality differential in developed countries},
  author={Lopez, Alan D},
  journal={Sex differentials in mortality: trends, determinants and consequences},
  pages={53--120},
  year={1983},
  publisher={Australian National University: Canberra}
}

@article{luo1997hybrid,
  title={Hybrid adaptive splines},
  author={Luo, Zhen and Wahba, Grace},
  journal={Journal of the American Statistical Association},
  volume={92},
  number={437},
  pages={107--116},
  year={1997},
  publisher={Taylor \& Francis Group}
}

@article{luo2013assessing,
  title={Assessing validity and application scope of the intrinsic estimator approach to the age-period-cohort problem},
  author={Luo, Liying},
  journal={Demography},
  volume={50},
  number={6},
  pages={1945--1967},
  year={2013},
  publisher={Springer}
}

@article{luo2020constraints,
  title={Constraints in random effects age-period-cohort models},
  author={Luo, Liying and Hodges, James S},
  journal={Sociological Methodology},
  pages={0081175020903348},
  year={2020},
  publisher={SAGE Publications Sage CA: Los Angeles, CA}
}

@article{luy2003causes,
  title={Causes of male excess mortality: insights from cloistered populations},
  author={Luy, Marc},
  journal={Population and Development Review},
  volume={29},
  number={4},
  pages={647--676},
  year={2003},
  publisher={Wiley Online Library}
}

@article{makeham1860law,
  title={On the law of mortality and the construction of annuity tables},
  author={Makeham, William Matthew},
  journal={Journal of the Institute of Actuaries},
  volume={8},
  number={6},
  pages={301--310},
  year={1860},
  publisher={Cambridge University Press}
}

@article{mason1973some,
  title={Some methodological issues in cohort analysis of archival data},
  author={Mason, Karen Oppenheim and Mason, William M and Winsborough, Halliman H and Poole, W Kenneth},
  journal={American sociological review},
  pages={242--258},
  year={1973},
  publisher={JSTOR}
}

@incollection{mason1985age,
  title={Age-period-cohort analysis and the study of deaths from pulmonary tuberculosis},
  author={Mason, William M and Smith, Herbert L},
  booktitle={Cohort analysis in social research},
  pages={151--227},
  year={1985},
  publisher={Springer}
}

@article{masquelier2013adult,
  title={Adult mortality from sibling survival data: a reappraisal of selection biases},
  author={Masquelier, Bruno},
  journal={Demography},
  volume={50},
  number={1},
  pages={207--228},
  year={2013},
  publisher={Springer}
}

@article{masquelier2017age,
  title={Age patterns and sex ratios of adult mortality in countries with high HIV prevalence},
  author={Masquelier, Bruno and Eaton, Jeffrey W and Gerland, Patrick and Pelletier, Fran{\c{c}}ois and Mutai, Kennedy K},
  journal={Aids},
  volume={31},
  number={1},
  pages={S77--S85},
  year={2017},
  publisher={Wolters Kluwer}
}

@article{masquelier2020errors,
  title={Errors in reported ages and dates in surveys of adult mortality: A record linkage study in Niakhar (Senegal)},
  author={Masquelier, Bruno and Kanyangarara, Mufaro and Pison, Gilles and Kant{\'e}, Almamy Malick and Ndiaye, Cheikh Tidiane and Douillot, Laetitia and Duth{\'e}, G{\'e}raldine and Sokhna, Cheikh and Delaunay, Val{\'e}rie and Helleringer, St{\'e}phane},
  journal={Population Studies},
  pages={1--19},
  year={2020},
  publisher={Taylor \& Francis}
}

@book{mccullagh1989generalized,
  title={Generalized linear models},
  author={McCullagh, Peter and Nelder, John A},
  volume={37},
  year={1989},
  publisher={CRC press}
}

@article{mcnown1992forecasting,
  title={Forecasting cause-specific mortality using time series methods},
  author={McNown, Robert and Rogers, Andrei},
  journal={International Journal of Forecasting},
  volume={8},
  number={3},
  pages={413--432},
  year={1992},
  publisher={Elsevier}
}

@article{murphy2009golden,
  title={THE'GOLDEN GENERATIONS'IN HISTORICAL CONTEXT},
  author={Murphy, Michael},
  journal={British Actuarial Journal},
  pages={151--184},
  year={2009},
  publisher={JSTOR}
}

@article{nelder1972generalized,
  title={Generalized linear models},
  author={Nelder, John Ashworth and Wedderburn, Robert WM},
  journal={Journal of the Royal Statistical Society: Series A (General)},
  volume={135},
  number={3},
  pages={370--384},
  year={1972},
  publisher={Wiley Online Library}
}

@article{o1986automatic,
  title={Automatic smoothing of regression functions in generalized linear models},
  author={O'Sullivan, Finbarr and Yandell, Brian S and Raynor Jr, William J},
  journal={Journal of the American Statistical Association},
  volume={81},
  number={393},
  pages={96--103},
  year={1986},
  publisher={Taylor \& Francis}
}

@article{o2014structural,
  title={Structural breaks in mortality models: An international comparison},
  author={O'Hare, Colin and Li, Youwei},
  journal={Available at SSRN 2515625},
  year={2014}
}

@article{o2015identifying,
  title={Identifying structural breaks in stochastic mortality models},
  author={O’Hare, Colin and Li, Youwei},
  journal={ASCE-ASME Journal of Risk and Uncertainty in Engineering Systems, Part B: Mechanical Engineering},
  volume={1},
  number={2},
  year={2015},
  publisher={American Society of Mechanical Engineers Digital Collection}
}

@article{obermeyer2010measuring,
  title={Measuring adult mortality using sibling survival: a new analytical method and new results for 44 countries, 1974--2006},
  author={Obermeyer, Ziad and Rajaratnam, Julie Knoll and Park, Chang H and Gakidou, Emmanuela and Hogan, Margaret C and Lopez, Alan D and Murray, Christopher JL},
  journal={PLoS Med},
  volume={7},
  number={4},
  pages={e1000260},
  year={2010},
  publisher={Public Library of Science}
}

@article{odimegwu2018adult,
  title={Adult mortality in sub-Saharan Africa using 2001—2009 census data: does estimation method matter?},
  author={Odimegwu, Clifford and Chisumpa, Vesper H and Somefun, Oluwaseyi Dolapo},
  journal={Genus},
  volume={74},
  number={1},
  pages={1--25},
  year={2018},
  publisher={SpringerOpen}
}

@misc{oeppen2002broken,
  title={Broken limits to life expectancy},
  author={Oeppen, Jim and Vaupel, James W},
  year={2002},
  publisher={American Association for the Advancement of Science}
}

@article{oksuzyan2008men,
  title={Men: good health and high mortality. Sex differences in health and aging},
  author={Oksuzyan, Anna and Juel, Knud and Vaupel, James W and Christensen, Kaare},
  journal={Aging clinical and experimental research},
  volume={20},
  number={2},
  pages={91--102},
  year={2008},
  publisher={Springer}
}

@article{olshansky1990search,
  title={In search of Methuselah: estimating the upper limits to human longevity},
  author={Olshansky, S Jay and Carnes, Bruce A and Cassel, Christine},
  journal={Science},
  volume={250},
  number={4981},
  pages={634--640},
  year={1990},
  publisher={American Association for the Advancement of Science}
}

@misc{ons2011population,
  title={Population Estimates for UK, England and Wales, Scotland and Northern Ireland, Mid-2011.},
	author={{Office for National Statistics}},
  year={2012}
}

@misc{ons2011deaths,
  title={Death Registrations Summary Statistics, England and Wales, 2011.},
	author={{Office for National Statistics}},
  year={2012}
}



@article{perks1932some,
  title={On some experiments in the graduation of mortality statistics},
  author={Perks, Wilfred},
  journal={Journal of the Institute of Actuaries},
  volume={63},
  number={1},
  pages={12--57},
  year={1932},
  publisher={Cambridge University Press}
}

@article{pintore2006spatially,
  title={Spatially adaptive smoothing splines},
  author={Pintore, Alexandre and Speckman, Paul and Holmes, Chris C},
  journal={Biometrika},
  volume={93},
  number={1},
  pages={113--125},
  year={2006},
  publisher={Oxford University Press}
}

@article{pitacco2016high,
  title={High age mortality and frailty. Some remarks and hints for actuarial modeling},
  author={Pitacco, Ermanno},
  year={2016},
  howpublished="\url{Available at: http://www.cepar.edu.au/working-papers/working-papers-2016.aspx}"
}

@article{pitacco2019heterogeneity,
  title={Heterogeneity in mortality: a survey with an actuarial focus},
  author={Pitacco, Ermanno},
  journal={European Actuarial Journal},
  volume={9},
  number={1},
  pages={3--30},
  year={2019},
  publisher={Springer}
}

@article{plat2009on,
  title={On stochastic mortality modeling},
  author={Plat, Richard},
  journal={Insurance: Mathematics and Economics},
  volume={45},
  number={3},
  pages={393--404},
  year={2009},
  publisher={Elsevier}
}

@article{plat2009stochastic,
  title={Stochastic portfolio specific mortality and the quantification of mortality basis risk},
  author={Plat, Richard},
  journal={Insurance: Mathematics and Economics},
  volume={45},
  number={1},
  pages={123--132},
  year={2009},
  publisher={Elsevier}
}
	
@incollection{reniers2011adult,
  title={Adult mortality in Africa},
  author={Reniers, Georges and Masquelier, Bruno and Gerland, Patrick},
  booktitle={International handbook of adult mortality},
  pages={151--170},
  year={2011},
  publisher={Springer}
}

@article{renshaw2003lee,
  title={Lee--Carter mortality forecasting: A parallel generalized linear modelling approach for England and Wales mortality projections},
  author={Renshaw, Arthur and Haberman, Steven},
  journal={Journal of the Royal Statistical Society: Series C (Applied Statistics)},
  volume={52},
  number={1},
  pages={119--137},
  year={2003},
  publisher={Wiley Online Library}
}

@article{renshaw2006cohort,
  title={A cohort-based extension to the Lee--Carter model for mortality reduction factors},
  author={Renshaw, Arthur E and Haberman, Steven},
  journal={Insurance: Mathematics and Economics},
  volume={38},
  number={3},
  pages={556--570},
  year={2006},
  publisher={Elsevier}
}

@article{richards2006importance,
  title={The importance of year of birth in two-dimensional mortality data},
  author={Richards, Stephen J and Kirkby, JG and Currie, Iain D},
  journal={British Actuarial Journal},
  volume={12},
  number={1},
  pages={5--38},
  year={2006},
  publisher={Cambridge University Press}
}

@article{richards2009longevity,
  title={Longevity risk and annuity pricing with the Lee-Carter model},
  author={Richards, SJ and Currie, ID},
  journal={British Actuarial Journal},
  volume={15},
  number={2},
  pages={317--343},
  year={2009},
  publisher={Cambridge University Press}
}

@article{rootzen2017human,
  title={Human life is unlimited--but short},
  author={Rootz{\'e}n, Holger and Zholud, Dmitrii},
  journal={Extremes},
  volume={20},
  number={4},
  pages={713--728},
  year={2017},
  publisher={Springer}
}

@article{ruppert2000theory,
  title={Theory \& Methods: Spatially-adaptive Penalties for Spline Fitting},
  author={Ruppert, David and Carroll, Raymond J},
  journal={Australian \& New Zealand Journal of Statistics},
  volume={42},
  number={2},
  pages={205--223},
  year={2000},
  publisher={Wiley Online Library}
}

@article{russolillo2011extending,
  title={Extending the Lee--Carter model: a three-way decomposition},
  author={Russolillo, Maria and Giordano, Giuseppe and Haberman, Steven},
  journal={Scandinavian Actuarial Journal},
  volume={2011},
  number={2},
  pages={96--117},
  year={2011},
  publisher={Taylor \& Francis}
}

@article{saikia2014comparative,
  title={A comparative study of parametric models of old-age mortality},
  author={Saikia, Pallabi and Borah, Munindra},
  journal={International Journal of Science and Research},
  volume={3},
  number={5},
  year={2014}
}

@article{scheipl2009locally,
  title={Locally adaptive Bayesian P-splines with a Normal-Exponential-Gamma prior},
  author={Scheipl, Fabian and Kneib, Thomas},
  journal={Computational Statistics \& Data Analysis},
  volume={53},
  number={10},
  pages={3533--3552},
  year={2009},
  publisher={Elsevier}
}

@article{schmid2007bayesian,
  title={Bayesian age-period-cohort modeling and prediction-BAMP},
  author={Schmid, Volker J and Held, Leonhard},
  journal={Journal of Statistical Software},
  volume={21},
  number={8},
  pages={1--15},
  year={2007},
  publisher={Foundation for Open Access Statistics}
}

@article{schunemann2017gender,
  title={The gender gap in mortality: How much is explained by behavior?},
  author={Sch{\"u}nemann, Johannes and Strulik, Holger and Trimborn, Timo},
  journal={Journal of health economics},
  volume={54},
  pages={79--90},
  year={2017},
  publisher={Elsevier}
}

@article{sharrow2013age,
  title={The age pattern of increases in mortality affected by HIV: Bayesian fit of the Heligman-Pollard model to data from the Agincourt HDSS field site in rural northeast South Africa},
  author={Sharrow, David J and Clark, Samuel J and Collinson, Mark A and Kahn, Kathleen and Tollman, Stephen M},
  journal={Demographic research},
  volume={29},
  pages={1039},
  year={2013},
  publisher={NIH Public Access}
}

@article{shang2016mortality,
  title={Mortality and life expectancy forecasting for a group of populations in developed countries: a multilevel functional data method},
  author={Shang, Han Lin and others},
  journal={The Annals of Applied Statistics},
  volume={10},
  number={3},
  pages={1639--1672},
  year={2016},
  publisher={Institute of Mathematical Statistics}
}

@article{shang2017grouped,
  title={Grouped functional time series forecasting: An application to age-specific mortality rates},
  author={Shang, Han Lin and Hyndman, Rob J},
  journal={Journal of Computational and Graphical Statistics},
  volume={26},
  number={2},
  pages={330--343},
  year={2017},
  publisher={Taylor \& Francis}
}

@article{sharrow2014modeling,
  title={Modeling age-specific mortality for countries with generalized HIV epidemics},
  author={Sharrow, David J and Clark, Samuel J and Raftery, Adrian E},
  journal={PloS one},
  volume={9},
  number={5},
  pages={e96447},
  year={2014},
  publisher={Public Library of Science}
}

@article{siler1983parameters,
  title={Parameters of mortality in human populations with widely varying life spans},
  author={Siler, William},
  journal={Statistics in medicine},
  volume={2},
  number={3},
  pages={373--380},
  year={1983},
  publisher={Wiley Online Library}
}

@article{smith1989does,
  title={Does genotypic sex have a direct effect on longevity?},
  author={Smith, David WE and Warner, Huber R},
  journal={Experimental Gerontology},
  volume={24},
  number={4},
  pages={277--288},
  year={1989},
  publisher={Elsevier}
}

@article{smith2004response,
  title={Response: cohort analysis redux},
  author={Smith, Herbert L},
  journal={Sociological methodology},
  volume={34},
  number={1},
  pages={111--119},
  year={2004},
  publisher={SAGE Publications Sage CA: Los Angeles, CA}
}

@article{smith2008advances,
  title={Advances in age--period--cohort analysis},
  author={Smith, Herbert L},
  journal={Sociological Methods \& Research},
  volume={36},
  number={3},
  pages={287--296},
  year={2008},
  publisher={Sage Publications Sage CA: Los Angeles, CA}
}

@misc{stan2019rstan,
  title={RStan: the R Interface to Stan. R package version 2.19. 2},
  author={{Stan Development Team}},
  year={2018}
}

@article{stan2020stan,
  title={Stan modeling language users guide and reference manual},
  author={{Stan Development Team}},
  journal={Technical report},
	note={2.25. \url{https://mc-stan.org}},
  year={2020}
}

@article{stanton2000assessment,
  title={An assessment of DHS maternal mortality indicators},
  author={Stanton, Cynthia and Abderrahim, Noureddine and Hill, Kenneth},
  journal={Studies in family planning},
  volume={31},
  number={2},
  pages={111--123},
  year={2000},
  publisher={Wiley Online Library}
}

@article{stone1974cross,
  title={Cross-validatory choice and assessment of statistical predictions},
  author={Stone, Mervyn},
  journal={Journal of the royal statistical society. Series B (Methodological)},
  pages={111--147},
  year={1974},
  publisher={JSTOR}
}

@article{stone1977asymptotic,
  title={An asymptotic equivalence of choice of model by cross-validation and Akaike's criterion},
  author={Stone, Mervyn},
  journal={Journal of the Royal Statistical Society. Series B (Methodological)},
  pages={44--47},
  year={1977},
  publisher={JSTOR}
}

@article{storlie2010locally,
  title={A locally adaptive penalty for estimation of functions with varying roughness},
  author={Storlie, Curtis B and Bondell, Howard D and Reich, Brian J},
  journal={Journal of Computational and Graphical Statistics},
  volume={19},
  number={3},
  pages={569--589},
  year={2010},
  publisher={Taylor \& Francis}
}

@article{thatcher1999long,
  title={The long-term pattern of adult mortality and the highest attained age},
  author={Thatcher, A Roger},
  journal={Journal of the Royal Statistical Society: Series A (Statistics in Society)},
  volume={162},
  number={1},
  pages={5--43},
  year={1999},
  publisher={Wiley Online Library}
}

@article{thiele1871mathematical,
  title={On a mathematical formula to express the rate of mortality throughout the whole of life, tested by a series of observations made use of by the Danish Life Insurance Company of 1871},
  author={Thiele, Thorvald Nicolai},
  journal={Journal of the Institute of Actuaries},
  volume={16},
  number={5},
  pages={313--329},
  year={1871},
  publisher={Cambridge University Press}
}

@article{tickle2014longevity,
  title={The longevity prospects of Australian seniors: an evaluation of forecast method and outcome},
  author={Tickle, Leonie and Booth, Heather},
  journal={Asia-Pacific Journal of Risk and Insurance},
  volume={8},
  number={2},
  pages={259--292},
  year={2014},
  publisher={De Gruyter}
}

@article{timaeus2004adult,
  title={Adult mortality in sub-Saharan Africa: evidence from Demographic and Health Surveys},
  author={Tim{\ae}us, Ian M and Jasseh, Momodou},
  journal={Demography},
  volume={41},
  number={4},
  pages={757--772},
  year={2004},
  publisher={Springer}
}

@article{timaeus2013estimation,
  title={{Estimation of adult mortality from sibling histories. In Moultrie TA, RE Dorrington, AG Hill, K Hill, IM Timæus, B Zaba (eds)}},
  author={Tim{\ae}us, Ian M},
  journal={Tools for Demographic Estimation},
	institution={Paris: International Union for the Scientific Study of Population},
  pages={310},
	note={Paris: International Union for the Scientific Study of Population. Available at \url{http://demographicestimation.iussp.org/content/estimation-adult-mortality-sibling-histories.}},
  year={2013}
}

@article{timaeus2013indirect,
  title={{Indirect estimation of adult mortality from data on siblings. In Moultrie TA, RE Dorrington, AG Hill, K Hill, IM Timæus, B Zaba (eds)}},
  author={Tim{\ae}us, Ian M},
  journal={Tools for Demographic Estimation},
  pages={244},
  year={2013},
		note={Paris: International Union for the Scientific Study of Population. Available at \url{http://demographicestimation.iussp.org/content/estimation-adult-mortality-sibling-histories.}}
}

@article{trussell1990note,
  title={A note on the sisterhood estimator of maternal mortality},
  author={Trussell, James and Rodriguez, German},
  journal={Studies in Family Planning},
  volume={21},
  number={6},
  pages={344--346},
  year={1990},
  publisher={JSTOR}
}

@article{tuljapurkar2000universal,
  title={A universal pattern of mortality decline in the G7 countries},
  author={Tuljapurkar, Shripad and Li, Nan and Boe, Carl},
  journal={Nature},
  volume={405},
  number={6788},
  pages={789},
  year={2000},
  publisher={Nature Publishing Group}
}

@article{vaupel1979impact,
  title={The impact of heterogeneity in individual frailty on the dynamics of mortality},
  author={Vaupel, James W and Manton, Kenneth G and Stallard, Eric},
  journal={Demography},
  volume={16},
  number={3},
  pages={439--454},
  year={1979},
  publisher={Springer}
}

@article{villegas2014modeling,
  title={On the modeling and forecasting of socioeconomic mortality differentials: An application to deprivation and mortality in England},
  author={Villegas, Andr{\'e}s M and Haberman, Steven},
  journal={North American Actuarial Journal},
  volume={18},
  number={1},
  pages={168--193},
  year={2014},
  publisher={Taylor \& Francis}
}

@book{wahba1990spline,
  title={Spline models for observational data},
  author={Wahba, Grace},
  volume={59},
  year={1990},
  publisher={Siam}
}

@article{waldron1985we,
  title={What do we know about causes of sex differences in mortality? A review of the literature.},
  author={Waldron, Ingrid},
  journal={Population Bulletin of the United Nations},
  number={18},
  pages={59},
  year={1985}
}

@article{waldron1993recent,
  title={Recent trends in sex mortality ratios for adults in developed countries},
  author={Waldron, Ingrid},
  journal={Social science \& medicine},
  volume={36},
  number={4},
  pages={451--462},
  year={1993},
  publisher={Elsevier}
}

@article{watanabe2010asymptotic,
  title={Asymptotic equivalence of Bayes cross validation and widely applicable information criterion in singular learning theory},
  author={Watanabe, Sumio},
  journal={Journal of Machine Learning Research},
  volume={11},
  number={Dec},
  pages={3571--3594},
  year={2010}
}

@article{wheldon2016bayesian,
  title={Bayesian population reconstruction of female populations for less developed and more developed countries},
  author={Wheldon, Mark C and Raftery, Adrian E and Clark, Samuel J and Gerland, Patrick},
  journal={Population studies},
  volume={70},
  number={1},
  pages={21--37},
  year={2016},
  publisher={Taylor \& Francis}
}

@article{wilmoth2012flexible,
  title={A flexible two-dimensional mortality model for use in indirect estimation},
  author={Wilmoth, John and Zureick, Sarah and Canudas-Romo, Vladimir and Inoue, Mie and Sawyer, Cheryl},
  journal={Population studies},
  volume={66},
  number={1},
  pages={1--28},
  year={2012},
  publisher={Taylor \& Francis}
}

@article{wienke2014frailty,
  title={Frailty models},
  author={Wienke, Andreas},
  journal={Wiley StatsRef: Statistics Reference Online},
  year={2014},
  publisher={Wiley Online Library}
}

@article{willets2004cohort,
  title={The cohort effect: insights and explanations},
  author={Willets, RC},
  journal={British Actuarial Journal},
  volume={10},
  number={4},
  pages={833--877},
  year={2004},
  publisher={Cambridge University Press}
}

@article{wilson2011understanding,
  title={Understanding global demographic convergence since 1950},
  author={Wilson, Chris},
  journal={Population and Development Review},
  volume={37},
  number={2},
  pages={375--388},
  year={2011},
  publisher={Wiley Online Library}
}

@article{wilmoth2007methods,
  title={Methods protocol for the human mortality database},
  author={Wilmoth, John R and Andreev, Kirill and Jdanov, Dmitri and Glei, Dana A and Boe, C and Bubenheim, M and Philipov, D and Shkolnikov, V and Vachon, P},
  journal={University of California, Berkeley, and Max Planck Institute for Demographic Research, Rostock. URL: http://mortality. org [version 31/05/2007]},
  volume={9},
  pages={10--11},
  year={2007}
}

@book{wood2006generalized,
  title={Generalized additive models: an introduction with R},
  author={Wood, Simon},
  year={2006},
  publisher={CRC press}
}

@article{wood2016just,
  title={Just another Gibbs additive modeller: Interfacing JAGS and mgcv},
  author={Wood, Simon N},
  journal={arXiv preprint arXiv:1602.02539},
  year={2016}
}

@article{wood2016smoothing,
  title={Smoothing parameter and model selection for general smooth models},
  author={Wood, Simon N and Pya, Natalya and S{\"a}fken, Benjamin},
  journal={Journal of the American Statistical Association},
  volume={111},
  number={516},
  pages={1548--1563},
  year={2016},
  publisher={Taylor \& Francis}
}

@misc{wpp2019world,
title={{World Population Prospects 2019: Methodology of the United Nations population estimates and projections}},
author={{UN Population Division}},
year={2019}
}

@article{yang2004methodological,
  title={A methodological comparison of age-period-cohort models: the intrinsic estimator and conventional generalized linear models},
  author={Yang, Yang and Fu, Wenjiang J and Land, Kenneth C},
  journal={Sociological methodology},
  volume={34},
  number={1},
  pages={75--110},
  year={2004},
  publisher={Wiley Online Library}
}

@article{yang2006mixed,
  title={A mixed models approach to the age-period-cohort analysis of repeated cross-section surveys, with an application to data on trends in verbal test scores},
  author={Yang, Yang and Land, Kenneth C},
  journal={Sociological methodology},
  volume={36},
  number={1},
  pages={75--97},
  year={2006},
  publisher={Wiley Online Library}
}

@article{yang2008age,
  title={Age--period--cohort analysis of repeated cross-section surveys: fixed or random effects?},
  author={Yang, Yang and Land, Kenneth C},
  journal={Sociological methods \& research},
  volume={36},
  number={3},
  pages={297--326},
  year={2008},
  publisher={Sage Publications Sage CA: Los Angeles, CA}
}

@article{yang2017adaptive,
  title={Adaptive penalized splines for data smoothing},
  author={Yang, Lianqiang and Hong, Yongmiao},
  journal={Computational Statistics \& Data Analysis},
  volume={108},
  pages={70--83},
  year={2017},
  publisher={Elsevier}
}

@article{yue2012priors,
  title={Priors for Bayesian adaptive spline smoothing},
  author={Yue, Yu Ryan and Speckman, Paul L and Sun, Dongchu},
  journal={Annals of the Institute of Statistical Mathematics},
  volume={64},
  number={3},
  pages={577--613},
  year={2012},
  publisher={Springer}
}

@article{zhou2013pricing,
  title={Pricing Standardized Mortality Securitizations: A Two-Population Model With Transitory Jump Effects},
  author={Zhou, Rui and Li, Johnny Siu-Hang and Tan, Ken Seng},
  journal={Journal of Risk and Insurance},
  volume={80},
  number={3},
  pages={733--774},
  year={2013},
  publisher={Wiley Online Library}
}
